@inproceedings{poly:CDL23,
    author = {T. Colcombet and G. Doueneau-Tabot and A. Lopez},
    booktitle = {2023 38th Annual ACM/IEEE Symposium on Logic in Computer Science (LICS)},
    title = {$\mathbb{Z}$-polyregular functions},
    year = {2023},
    volume = {},
    issn = {},
    pages = {1-13},
    keywords = {computer science;transducers;semantics},
    doi = {10.1109/LICS56636.2023.10175685},
    url = {https://doi.ieeecomputersociety.org/10.1109/LICS56636.2023.10175685},
    publisher = {IEEE Computer Society},
    address = {Los Alamitos, CA, USA},
    month = {06}
}

@inproceedings{LIBK11,
author = {Leonid Libkin},
booktitle = {Proceedings of PODS'11},
doi = {10.1145/1989284.1989294},
pages = {59--70},
title = {Incomplete information and certain answers in general data models},
year = {2011},
}

@inproceedings{DENJ08,
author = {Alin Deutsch and Alan Nash and Jeffrey B. Remmel},
booktitle = {Proceedings of PODS'08},
doi = {10.1145/1376916.1376938},
pages = {149--158},
title = {The chase revisited},
year = {2008},
}

@article{rational:KARH77,
    title = {Remarks on commutative n-rational series},
    journal = {Theoretical Computer Science},
    volume = {5},
    number = {2},
    pages = {211-217},
    year = {1977},
    issn = {0304-3975},
    doi = {https://doi.org/10.1016/0304-3975(77)90008-1},
    url = {https://www.sciencedirect.com/science/article/pii/0304397577900081},
    author = {Juhani Karhumäki},
}


@article{TARSKI57,
author = {Alfred Tarski},
doi = {10.1016/S1385-7258(54)50074-0},
journaltitle = {Indagationes Mathematicae (Proceedings)},
pages = {572--581},
title = {Contributions to the Theory of Models. {I}},
volume = {57},
year = {1954},
}

@article{LOS55,
author = {Łoś, Jerzy},
doi = {10.4064/fm-42-1-38-54},
journaltitle = {Fundamenta Mathematicae},
pages = {38--54},
title = {On the extending of models {(I)}},
volume = {42},
year = {1955},
}


@article{TAIT59,
author = {Tait, William W.},
doi = {10.2307/2964569},
journaltitle = {Journal of Symbolic Logic},
pages = {15--16},
publisher = {Cambridge University Press},
title = {A counterexample to a conjecture of {S}cott and {S}uppes},
volume = {24},
year = {1959},
}

@article{wqo:DING92,
author = {Guoli Ding},
doi = {10.1002/jgt.3190160509},
journaltitle = {Journal of Graph Theory},
pages = {489--502},
title = {Subgraphs and well-quasi-ordering},
volume = {16},
year = {1992},
}

@article{ADG08,
author = {Atserias, Albert and Dawar, Anuj and Grohe, Martin},
doi = {10.1137/060658709},
journaltitle = {SIAM Journal on Computing},
pages = {1364--1381},
publisher = {SIAM},
title = {Preservation under extensions on well-behaved finite structures},
volume = {38},
year = {2008},
}



@incollection{GAIF82,
author = {Gaifman, Haim},
booktitle = {Proceedings of the Herbrand Symposium},
doi = {10.1016/S0049-237X(08)71879-2},
pages = {105--135},
publisher = {Elsevier},
title = {On local and non-local properties},
volume = {107},
year = {1982},
}
